

@online{fs,
  author = {Jan Trdlička},
  title = { \textit{Operační systémy, přednáška 11. Systémy souborů} [online] },
  url = {https://edux.fit.cvut.cz/courses/BI-OSY/lectures/11/start},
  note = "Praha, České vysoké učení technické v~Praze, Fakulta informačních technologií [cit. 2016-05-10]",
  urldate = {10.5.2016}
}

@online{suns,
  author = {Oracle},
  title = { \textit{Oracle and Sun Microsystems} [online] },
  url = {https://www.oracle.com/sun/index.html},
  note = "[cit. 2016-05-10]",
  urldate = {10.5.2016}
}

@online{guide,
  author = {Oracle},
  title = { \textit{Oracle Help Center} [online] },
  url = {http://docs.oracle.com/en/},
  note = "[cit. 2016-05-10]",
  urldate = {10.5.2016}
}

@online{requirements,
  author = {Oracle},
  title = { \textit{ZFS Hardware and Software Requirements and Recommendations} [online] },
  url = {http://docs.oracle.com/cd/E19253-01/819-5461/setup-1/index.html},
  note = "[cit. 2016-05-10]",
  urldate = {10.5.2016}
}

@online{traditional,
  author = {Oracle},
  title = { \textit{ZFS and Traditional File System Differences} [online] },
  url = {https://docs.oracle.com/cd/E19120-01/open.solaris/817-2271/gbcik/index.html},
  note = "[cit. 2016-05-10]",
  urldate = {10.5.2016}
}

@online{terminology,
  author = {Oracle},
  title = { \textit{ZFS Terminology} [online] },
  url = {http://docs.oracle.com/cd/E19253-01/819-5461/ftyue/index.html},
  note = "[cit. 2016-05-10]",
  urldate = {10.5.2016}
}

@online{inheriting,
  author = {Oracle},
  title = { \textit{Inheriting ZFS Properties} [online] },
  url = {http://docs.oracle.com/cd/E19253-01/819-5461/gazup/index.html},
  note = "[cit. 2016-05-10]",
  urldate = {10.5.2016}
}

@online{quotas,
  author = {Oracle},
  title = { \textit{Setting ZFS Quotas and Reservations} [online] },
  url = {http://docs.oracle.com/cd/E19253-01/819-5461/gazvb/index.html},
  note = "[cit. 2016-05-10]",
  urldate = {10.5.2016}
}

@online{dedup,
  author = {Jeff Bonwick},
  title = { \textit{ZFS Deduplication} [online] },
  year = "Publikováno 1.11.2009",
  url = {https://blogs.oracle.com/bonwick/entry/zfs_dedup},
  note = "[cit. 2016-05-10]",
  urldate = {10.5.2016}
}

@online{transaction,
  author = {Oracle},
  title = { \textit{Transactional Semantics} [online] },
  url = {http://docs.oracle.com/cd/E19253-01/819-5461/zfsover-2/},
  note = "[cit. 2016-05-10]",
  urldate = {10.5.2016}
}

@online{integrity1,
  author = {Oracle},
  title = { \textit{Checking ZFS File System Integrity} [online] },
  url = {http://docs.oracle.com/cd/E23823_01/html/819-5461/gbbwa.html},
  note = "[cit. 2016-05-10]",
  urldate = {10.5.2016}
}

@online{integrity2,
  author = {Jeff Bonwick},
  title = { \textit{ZFS End-to-End Data Integrity} [online] },
  year = "Publikováno 8.12.2005",
  url = {https://blogs.oracle.com/bonwick/entry/zfs_end_to_end_data},
  note = "[cit. 2016-05-10]",
  urldate = {10.5.2016}
}

@online{mountpoint,
  author = {Oracle},
  title = { \textit{Managing ZFS Mount Points} [online] },
  url = {http://docs.oracle.com/cd/E19253-01/819-5461/6n7ht6r3o/index.html},
  note = "[cit. 2016-05-10]",
  urldate = {10.5.2016}
}

@online{snapshot,
  author = {Oracle},
  title = { \textit{Overview of ZFS Snapshots} [online] },
  url = {https://docs.oracle.com/cd/E23824_01/html/821-1448/gbciq.html},
  note = "[cit. 2016-05-10]",
  urldate = {10.5.2016}
}

@online{zfsmon,
  author = {Jenner LaFave and J. Brandt Buckley and Edmond Negado},
  title = { \textit{zfsmon} [online] },
  publisher = {GitHub},
  url = {https://github.com/CRBS/zfsmon},
  note = "GitHub [cit. 5.5.2016]",
  urldate = {5.5.2016}
}

@online{zfswatcher,
  author = {Janne Snabb and Paul Tötterman},
  title = { \textit{zfswatcher} [online] },
  publisher = {GitHub},
  url = {https://github.com/damicon/zfswatcher},
  note = "GitHub [cit. 2016-05-10]",
  urldate = {10.5.2016}
}

@online{smc,
  author = {Oracle},
  title = { \textit{ZFS Web-Based Management} [online] },
  url = {http://docs.oracle.com/cd/E19253-01/819-5461/gbsbp/index.html},
  note = "[cit. 2016-05-10]",
  urldate = {10.5.2016}
}

@online{mvc,
  title = { \textit{Design Patterns - MVC Pattern} [online] },
  url = {http://www.tutorialspoint.com/design_pattern/mvc_pattern.htm},
  note = "[cit. 2016-05-10]",
  urldate = {10.5.2016}
}

@techreport{RFC2616,
  author = {Roy T. Fielding and James Gettys and Jeffrey C. Mogul and Henrik Frystyk Nielsen and Larry Masinter and Paul J. Leach and Tim Berners-Lee},
  title = {\textit{Hypertext Transfer Protocol -- HTTP/1.1}},
  howpublished = {Internet Requests for Comments},
  type = {RFC},
  number = {2616},
  year = {1999},
  month = {June},
  issn = {2070-1721},
  publisher = {RFC Editor},
  institution = {RFC Editor},
  url = {http://www.rfc-editor.org/rfc/rfc2616.txt},
  note = "[cit. 2016-05-10]",
  urldate = {10.5.2016}
}

@techreport{RFC3986,
  author = {Tim Berners-Lee and Roy T. Fielding and Larry Masinter},
  title = { \textit{Uniform Resource Identifier (URI): Generic Syntax} },
  howpublished = {Internet Requests for Comments},
  type = {STD},
  number = {66},
  year = {2005},
  month = {January},
  issn = {2070-1721},
  publisher = {RFC Editor},
  institution = {RFC Editor},
  url = {http://www.rfc-editor.org/rfc/rfc3986.txt},
  note = "[cit. 2016-05-10]",
  urldate = {10.5.2016}
}

@techreport{RFC2617,
  author = {John Franks and Phillip M. Hallam-Baker and Jeffery L. Hostetler and Scott D. Lawrence and Paul J. Leach and Ari Luotonen and Lawrence C. Stewart},
  title = { \textit{HTTP Authentication: Basic and Digest Access Authentication} },
  howpublished = {Internet Requests for Comments},
  type = {RFC},
  number = {2617},
  year = {1999},
  month = {June},
  issn = {2070-1721},
  publisher = {RFC Editor},
  institution = {RFC Editor},
  url = {http://www.rfc-editor.org/rfc/rfc2617.txt},
  note = "[cit. 2016-05-10]",
  urldate = {10.5.2016}
}

@techreport{RFC2818,
  author = {E. Rescorla},
  title = { \textit{HTTP Over TLS} },
  howpublished = {Internet Requests for Comments},
  type = {RFC},
  number = {2818},
  year = {2000},
  month = {May},
  issn = {2070-1721},
  publisher = {RFC Editor},
  institution = {RFC Editor},
  url = {http://www.rfc-editor.org/rfc/rfc2818.txt},
  note = "[cit. 2016-05-10]",
  urldate = {10.5.2016}
}

@techreport{RFC5246,
  author = {T. Dierks and E. Rescorla},
  title = { \textit{The Transport Layer Security (TLS) Protocol Version 1.2} },
  howpublished = {Internet Requests for Comments},
  type = {RFC},
  number = {5246},
  year = {2008},
  month = {August},
  issn = {2070-1721},
  publisher = {RFC Editor},
  institution = {RFC Editor},
  url = {http://www.rfc-editor.org/rfc/rfc5246.txt},
  note = "[cit. 2016-05-10]",
  urldate = {10.5.2016}
}

@online{RBAC,
  author = {Oracle},
  title = { \textit{Role-Based Access Control} [online] },
  url = {https://docs.oracle.com/cd/E23824_01/html/821-1456/rbac-1.html},
  note = "[cit. 2016-05-10]",
  urldate = {10.5.2016}
}

@online{SMF,
  author = {Glynn Foster},
  title = { \textit{Introducing the Basics of Service Management Facility (SMF) on Oracle Solaris 11} [online] },
  url = {http://www.oracle.com/technetwork/articles/servers-storage-admin/intro-smf-basics-s11-1729181.html},
  note = "[cit. 2016-05-10]",
  urldate = {10.5.2016}
}

@online{socketserver,
  title = { \textit{SocketServer — A~framework for network servers} [online] },
  year = "Python Software Foundation",
  url = {https://docs.python.org/2/library/socketserver.html},
  note = "[cit. 2016-05-10]",
  urldate = {10.5.2016}
}

@online{jinja2,
  author = { Armin Ronacher },
  title = { \textit{Jinja2} [online] },
  url = {http://jinja.pocoo.org/},
  note = "[cit. 2016-05-10]",
  urldate = {10.5.2016}
}

@online{jquery,
  title = { \textit{jQuery} [online] },
  url = {https://jquery.com/},
  note = "[cit. 2016-05-10]",
  urldate = {10.5.2016}
}

@online{google,
  title = { \textit{Google charts} [online] },
  url = {https://developers.google.com/chart/},
  note = "[cit. 2016-05-10]",
  urldate = {10.5.2016}
}

@online{bootstrap,
  title = { \textit{Bootstrap} [online] },
  url = {http://getbootstrap.com/},
  note = "[cit. 2016-05-10]",
  urldate = {10.5.2016}
}

@online{vb,
  author = {Oracle},
  title = { \textit{Oracle VM Templates} [online] },
  url = {http://www.oracle.com/technetwork/server-storage/solaris11/downloads/vm-templates-2245495.html},
  note = "[cit. 2016-05-10]",
  urldate = {10.5.2016}
}
